@inproceedings{fabrikant2011there,
  title={There's something about MRAI: Timing diversity can exponentially worsen BGP convergence},
  author={Fabrikant, Alex and Syed, Umar and Rexford, Jennifer},
  booktitle={2011 Proceedings IEEE INFOCOM},
  pages={2975--2983},
  year={2011},
  organization={IEEE}
}